@inproceedings{kauppi2007,
author = {Kauppi, Tomi and Kalesnykiene, Valentina and Kamarainen, Joni-Kristian and Lensu, Lasse and Sorri, Iiris and Raninen, A. and Voutilainen, R. and Uusitalo, Hannu and Kälviäinen, Heikki and Pietilä, Juhani},
year = {2007},
month = {01},
pages = {},
title = {DIARETDB1 diabetic retinopathy database and evaluation protocol},
volume = {2007},
journal = {Proc. Medical Image Understanding and Analysis (MIUA)},
doi = {10.5244/C.21.15}
}

@misc{eyepacs,
  title = {Diabetic Retinopathy Detection},
  howpublished = {\url{https://www.kaggle.com/c/diabetic-retinopathy-detection/data}},
  note = {Accessed: 2021-05-12}
}

@misc{benjamingraham,
    title = {Kaggle Diabetic Retinopathy Detection Competition Report},
    howpublished = {\url{https://www.kaggle.com/c/diabetic-retinopathy-detection/discussion/15801}},
    note = {Accessed: 2021-05-25},
    author = {Graham, Ben}
}