@misc{ghiasi2020simple,
      title={Simple Copy-Paste is a Strong Data Augmentation Method for Instance Segmentation}, 
      author={Golnaz Ghiasi and Yin Cui and Aravind Srinivas and Rui Qian and Tsung-Yi Lin and Ekin D. Cubuk and Quoc V. Le and Barret Zoph},
      year={2020},
      eprint={2012.07177},
      archivePrefix={arXiv},
      primaryClass={cs.CV}
}

@misc{odena2017conditional,
      title={Conditional Image Synthesis With Auxiliary Classifier GANs}, 
      author={Augustus Odena and Christopher Olah and Jonathon Shlens},
      year={2017},
      eprint={1610.09585},
      archivePrefix={arXiv},
      primaryClass={stat.ML}
}

@misc{he2015delving,
      title={Delving Deep into Rectifiers: Surpassing Human-Level Performance on ImageNet Classification}, 
      author={Kaiming He and Xiangyu Zhang and Shaoqing Ren and Jian Sun},
      year={2015},
      eprint={1502.01852},
      archivePrefix={arXiv},
      primaryClass={cs.CV}
}